%% This BibTeX bibliography file was created using BibDesk.
%% http://bibdesk.sourceforge.net/


%% Created for Stefan Seifried at 2011-06-28 17:58:46 +0200 


%% Saved with string encoding Unicode (UTF-8) 



@techreport{Debounce,
	Address = {http://www.dattalo.com/technical/software/pic/debounce.html},
	Author = {Scott Dattalo},
	Date-Added = {2011-06-28 17:48:02 +0200},
	Date-Modified = {2011-06-28 17:49:25 +0200},
	Title = {PIC Debouncing},
	Year = {2008}}

@book{Knuth,
	Author = {Donald E. Knuth},
	Date-Added = {2011-06-28 17:10:33 +0200},
	Date-Modified = {2011-06-28 17:11:44 +0200},
	Keywords = {Books},
	Publisher = {Addison-Wesley Professional},
	Title = {Art of Computer Programming, The, Volumes 1-3 Boxed Set (3rd Edition)},
	Year = {1998}}

@techreport{VT100,
	Address = {http://www.termsys.demon.co.uk/vtansi.htm},
	Date-Added = {2011-06-28 16:31:35 +0200},
	Date-Modified = {2011-06-28 16:36:11 +0200},
	Keywords = {Webpage},
	Title = {Ansi Terminal Emulation},
	Year = {2011}}

@techreport{Embedded,
	Address = {http://www.embedded-systems.com/2000/0009/0009feat4.htm},
	Author = {Michael Melkonian},
	Date-Added = {2011-06-28 16:26:05 +0200},
	Date-Modified = {2011-06-28 16:37:26 +0200},
	Institution = {Embedded Systems Programming},
	Keywords = {Webpage},
	Title = {Get by Without an RTOS},
	Year = {2000}}

@techreport{FAT16,
	Address = {http://download.microsoft.com/download/1/6/1/161ba512-40e2-4cc9-843a-923143f3456c/fatgen103.doc},
	Author = {Microsoft},
	Date-Added = {2011-06-28 14:49:00 +0200},
	Date-Modified = {2011-06-28 14:50:37 +0200},
	Institution = {Microsoft},
	Keywords = {Datasheet},
	Title = {Microsoft Extensible Firmware Initiative FAT32 File System Specification},
	Year = {2000}}

@techreport{VS1011,
	Author = {VLSI Solution Oy},
	Date-Added = {2011-06-28 14:03:06 +0200},
	Date-Modified = {2011-06-28 14:04:49 +0200},
	Institution = {VLSI Solution Oy},
	Keywords = {Datasheet},
	Title = {VS1011e - MP3 AUDIO DECODER},
	Year = {2009}}

@techreport{AVRSPI,
	Address = {http://www.atmel.com/dyn/resources/prod\_documents/doc1244.pdf},
	Author = {Atmel},
	Date-Added = {2011-06-28 13:36:25 +0200},
	Date-Modified = {2011-06-28 14:23:46 +0200},
	Institution = {Atmel},
	Keywords = {Application Note},
	Title = {32-Bit Embedded Core Peripheral - Serial Peripheral Interface (SPI)},
	Year = {2003}}
